@article{cplex,
  title={V12. 1: Userâ€™s Manual for CPLEX},
  author={Cplex, IBM ILOG},
  journal={International Business Machines Corporation},
  volume={46},
  number={53},
  pages={157},
  year={2009}
}

@Article{scip,
 Title = {SCIP: solving constraint integer programs},
 Author = {Achterberg, Tobias},
 Journal = {Mathematical Programming Computation},
 Year = {2009},
 Month = {Jul},
 Number = {1},
 Pages = {1--41},
 Volume = {1},
 Day = {01},
 Doi = {10.1007/s12532-008-0001-1},
 ISSN = {1867-2957},
 Url = {https://doi.org/10.1007/s12532-008-0001-1}
}

